2318 4312
99 252 253 350 matred
264 253 558 367 exampliffima
567 250 793 341 eonfermdr
803 255 987 349 facultate
995 268 1090 357 illud

91 371 283 463 zffiment,
295 368 484 478 adeoque
493 378 666 481 quamvis
675 373 750 455 levi
759 385 963 486 gratiarum
972 384 1091 467 afflo-

87 493 318 567 recontenti
332 485 432 566 fint:
452 511 535 565 non
544 485 682 571 eadem
693 510 824 569 tamen
835 489 988 575 istorum
1000 507 1084 609 opi.

85 598 399 710 nioest,quir3suis
407 599 547 681 viribus
556 628 639 683 rem
646 600 1086 720 penfitantgmtiamque

90 714 277 824 rependere
299 715 533 796 cunctantes
555 718 729 827 malignis
738 744 893 828 carpere
904 716 1084 805 sermoni.

87 825 156 922 bus,
175 858 220 910 ac
233 831 366 909 veluti
378 822 593 909 censoriam
606 855 741 911 notam
755 837 903 912 inurere
913 859 995 914 non
1008 834 1083 918 ces·

83 939 153 1022 fint.
179 941 397 1024 Habenda
406 948 521 1051 igitur
529 938 710 1056 fugientis
720 951 805 1024 vitae
814 954 910 1025 ratio
920 947 996 1043 est,
1015 978 1082 1031 cu-

77 1064 123 1160 jus
140 1066 335 1138 terminus
360 1065 586 1168 ignoratur:
602 1084 666 1164 ⁸ne
679 1055 705 1138 fi
716 1063 864 1150 minus,
886 1088 1003 1170 quam
1014 1088 1084 1173 par

81 1169 137 1262 est,
155 1171 259 1255 hanc
282 1166 571 1264 observaveris,
592 1178 824 1285 necopinata
841 1199 966 1256 morte
989 1202 1083 1288 prae·

80 1311 223 1381 ventus,
243 1288 361 1367 illam
378 1292 424 1364 in
437 1292 574 1367 animis
587 1291 766 1367 omnium
776 1287 962 1396 relinquas
974 1298 1081 1403 cogf.

85 1407 273 1488 rationem,
296 1424 343 1480 te
367 1426 459 1479 non
477 1396 671 1481 meruiss‘e:
695 1426 774 1511 quo
786 1408 848 1483 vix
858 1400 960 1483 aliud
969 1402 1080 1513 quid·

82 1521 169 1622 piam
187 1514 352 1597 homini
374 1523 573 1625 ingenuo,
599 1542 646 1595 ac
664 1511 865 1595 liberaliter
891 1513 1080 1612 educato,

83 1637 212 1736 gravius
223 1654 292 1711 aut
303 1629 485 1709 acerbius
495 1624 668 1711 accidere
677 1623 781 1739 poffe
792 1625 937 1710 censeo.
961 1630 1077 1743 Qa-

84 1767 228 1851 propter
238 1772 335 1825 cum
356 1750 403 1823 in
425 1738 502 1821 hoc
512 1749 597 1824 vitre
616 1739 767 1824 theatro
777 1741 828 1821 fic
840 1744 950 1823 nobis
961 1772 1078 1855 agen·

88 1853 259 1939 dafabura
266 1857 313 1937 fit
323 1917 337 1954 ,
356 1880 406 1936 ut
426 1861 571 1936 virtutis
592 1885 637 1939 ac
655 1854 785 1937 decori
802 1865 969 1937 maxima
979 1867 1076 1939 ratio

92 1964 286 2062 habeatur,
303 1980 354 2052 ita
368 1998 438 2052 me
448 1964 601 2079 spectari
611 1976 765 2080 cupiam
776 2023 788 2059 ,
798 1967 877 2049 utsr
890 1966 989 2048 forte
1002 1979 1075 2048 im.

90 2081 308 2189 pmde'ntia,
324 2086 378 2167 vel
389 2089 485 2167 vitio
495 2108 637 2165 naturae
646 2090 861 2193 impegero,
880 2106 997 2160 nemo
1009 2074 1093 2165 me¹

87 2216 213 2276 tamen
234 2226 405 2309 unquam
428 2204 573 2281 virtutis
594 2204 787 2279 tramitem
808 2191 1072 2279 deseruissem-

85 2305 256 2406 bitrem,
278 2323 342 2395 cui
363 2311 480 2395 semel
499 2307 772 2393 sacramentum
783 2307 870 2390 dixi.
902 2308 1071 2421 Qodsr

82 2425 234 2506 vetohis
246 2437 389 2539 coeptis
409 2429 528 2508 laetior
548 2452 704 2509 eventus
726 2419 910 2516 defuerim
940 2434 978 2503 &
990 2425 1071 2508 haec

84 2533 217 2620 semina
237 2543 261 2621 ἐ
282 2568 401 2654 gratae
423 2547 562 2622 mentis
581 2545 754 2653 granario
767 2534 895 2618 sele&
904 2550 1070 2647 atquem

85 2647 344 2736 fertiliffimum
361 2658 535 2738 Tuamm
557 2654 712 2736 laudum
731 2678 912 2760 campum
931 2648 1069 2760 disper-

93 2763 201 2847 fanon
210 2769 316 2851 adeo
325 2765 485 2851 feliciter
495 2777 759 2879 provenerint3
782 2790 899 2874 opera
908 2764 1067 2873 quidem
1110 2826 1113 2831 -

88 2904 160 2963 mm
179 2892 360 2993 perierit:
386 2909 426 2965 at
435 2881 524 2965 illud
533 2880 711 2963 omnibus
720 2886 949 2970 innotuerit,
970 2901 1071 2961 tem·¹

82 3019 166 3103 pus,
183 3008 338 3090 otium,
356 2995 547 3079 fortunam
557 3052 569 3089 ,
579 3002 774 3109 ingenium
784 3056 797 3089 ‚
807 3018 920 3105 atque
930 3001 1064 3077 omm'a

81 3113 167 3193 mihi
178 3122 334 3223 potius,
354 3141 471 3221 quam
488 3113 545 3194 vel
563 3118 738 3192 animum
747 3135 960 3190 memorem
970 3136 982 3199 ,·
1004 3111 1065 3192 vel

87 3237 276 3309 materiam
286 3223 454 3308 defuiffe.
482 3231 589 3336 Piget
598 3224 735 3305 sane&
748 3231 824 3304 mei
834 3219 1064 3332 quandoque

87 3351 342 3452 mepoenitet,
365 3339 470 3450 quod
480 3367 561 3419 non
583 3366 628 3419 ea
639 3336 734 3418 mihi
744 3335 897 3418 dicendi
907 3331 1064 3416 facultas

79 3449 187 3548 adfit,
202 3485 289 3568 quae
299 3465 486 3539 virtutum
496 3454 665 3534 Tuarum
677 3459 859 3531 eximium
869 3448 981 3532 decus
993 3445 1073 3528 ho-.

80 3594 164 3654 nore
173 3572 383 3659 verborum
402 3565 515 3682 poffit
532 3563 705 3678 adsequi:
727 3592 809 3649 non
827 3561 932 3677 quod
952 3560 991 3644 id
1001 3563 1065 3754 fle

638 3732 671 3794 ,κ
695 3705 724 3784 4
966 3702 1012 3761 ve
1041 3702 1063 3755 e
