2318 4312
289 199 860 289 GRIPHVS„
980 213 1053 300 469

53 312 101 381 Et
111 304 247 389 modus,
258 309 286 349 ⁶¹
299 316 336 379 &
347 314 496 407 genetrix
506 309 719 383 modulorum
729 311 850 385 mufica
858 315 1003 412 triplex,

56 407 85 437 ‘⁶
96 410 212 477 Mixta
221 404 326 492 libris,
337 408 363 445 ⁶⁷
376 404 495 479 secreta
505 409 608 495 astris,
619 408 645 440 ⁶⁸
657 409 787 507 vulgata
797 411 941 487 theatris.

23 504 27 509 ’
58 507 185 577 Martia
195 510 307 577 Roma
318 506 458 602 triplex3
483 513 645 603 equitatu,
656 506 763 605 plebe,
774 508 895 583 senatu.

59 600 177 674 ‘'Hoc
187 629 328 675 nurnero
339 602 456 692 tribus,
468 610 505 676 &
517 611 542 642 ⁷⁰
552 604 645 677 sacro
656 606 697 679 de
707 608 824 681 ¹monte
834 608 987 681 Tribuni.

937 718 959 749 ⁷¹
973 714 1051 780 Tris

57 882 298 965 fptmamquartam
315 893 544 961 quodexistimave-
601 906 640 952 σς.
660 896 948 966 Ergenirriamaduiarum]
967 902 1054 966 Mufica

57 966 109 1005 unt
122 960 224 1025 quidam
246 963 331 1011 Stellas
346 962 412 1028 quali
427 961 542 1030 quasdam
571 960 725 1014 cassiodoro·
733 964 865 1019 delinitur,
882 964 947 1015 bene
962 966 1054 1017 modu-

59 1018 111 1071 effe
125 1022 233 1078 brasteas
248 1031 351 1095 ignitas,
368 1027 409 1079 sed
422 1030 480 1081 istos
496 1032 543 1080 cla·
568 1029 851 1099 landinumerorumque
860 1029 964 1083 scientia.
974 1032 1054 1083 distri-

57 1100 102 1139 vos
114 1096 140 1144 δι
148 1092 255 1146 bratteas
267 1113 310 1162 pro
324 1096 415 1147 eodem
422 1098 500 1164 potest
508 1116 544 1150 ac·
569 1095 700 1163 buiturque
709 1100 828 1165 tripartito
837 1133 845 1155 ‚
854 1102 881 1149 in
891 1103 1051 1157 Harmoniam,

57 1160 145 1222 oepffie
152 1159 286 1215 Ausonius.
302 1166 366 1212 Maii
374 1165 491 1232 denique,
500 1170 544 1233 qui
568 1168 728 1229 stinatianam,
744 1169 901 1227 Crusmaricam.
919 1173 1053 1238 Qaane-

59 1222 265 1297 apinianaique
276 1234 365 1281 Graecis
373 1234 542 1291 nominantur,
567 1234 662 1281 verinus
671 1232 787 1283 Boethius
795 1231 853 1283 libr
865 1233 1053 1290 Muficorum,in

58 1296 156 1347 tametfi
171 1294 196 1347 se
212 1310 263 1348 tem
278 1298 404 1365 pluresque
412 1316 543 1352 numeran-
569 1299 813 1352 Muaduuamdividit‚
833 1302 858 1350 &
869 1307 1008 1357 Humanam,
1023 1302 1050 1350 &

56 1374 98 1413 tur
111 1367 140 1413 iu
152 1314 308 1417 catholon,
325 1368 446 1424 Severini,
461 1371 544 1419 Ptole·
569 1367 596 1416 iu
612 1381 667 1417 eam
685 1382 738 1433 quac
752 1368 779 1416 iu
793 1364 936 1433 quibusdam
944 1367 1052 1418 consistit

60 1433 127 1485 nal,
136 1430 268 1489 Plutarchi,
276 1434 389 1490 Euclidis,
398 1435 543 1489 Aristoxeni,
568 1432 743 1485 instrumentis.
762 1436 857 1482 Wnnur.

58 1496 545 1553 Musicisrtamenscribitl’tolemaeusse-
601 1509 642 1550 66.
661 1500 816 1567 Mistaiu'iru]
833 1507 869 1551 De
878 1518 923 1568 qua
936 1499 1051 1567 scriptili-

57 1565 142 1617 mado
159 1567 386 1626 normannorum,
402 1583 444 1618 rres
459 1571 544 1621 inillis
569 1565 620 1617 bri:
636 1567 654 1617 fi
670 1568 719 1617 hoc
733 1570 797 1619 inter
813 1584 901 1634 genera
908 1567 1052 1619 Muficaere-

54 1628 129 1683 inisse
144 1631 341 1699 antiquissirnos,
361 1635 500 1705 primosque
517 1656 545 1689 o·
568 1634 629 1683 ferri
637 1633 731 1684 debeat.
750 1640 818 1685 Vana.

58 1700 162 1749 mnium
177 1696 330 1758 observatos,
350 1705 459 1760 Darium,
478 1710 544 1773 Pary-
601 1710 641 1763 67.
659 1704 741 1752 Secreta
753 1700 831 1768 astru]
850 1703 966 1751 Mundana
981 1706 1053 1752 Seve-

54 1768 250 1833 giunnLJdium.
269 1770 320 1819 Alii
327 1770 381 1820 sunt
388 1768 465 1821 abhis
474 1770 541 1829 fatri,
566 1768 623 1818 tino
631 1784 713 1818 nuncu
730 1781 782 1819 ata:
799 1770 824 1817 δι
840 1785 915 1834 quam
930 1769 1006 1834 Pytha
1023 1784 1052 1817 o·

58 1834 209 1912 Hypanin-itu,
218 1840 391 1902 Hypapinypiuu‚
401 1840 541 1905 Hypalydius,
554 1838 557 1907 Ῑ
568 1850 605 1883 ras
627 1836 654 1884 iu
676 1785 815 1886 coelestibus
829 1832 923 1900 sphaeris
938 1785 1051 1885 audiebat

59 1901 213 1968 Menelaum,
223 1917 287 1968 quoa
293 1903 319 1953 in
327 1901 368 1953 sua
376 1906 460 1955 caelesti
470 1905 544 1955 must·
554 1914 556 1929 ¹
568 1901 732 1951 harmoniam.
749 1903 780 1953 de
796 1917 845 1968 qua
860 1902 927 1966 plura
934 1903 1050 1951 Aurelius

57 1966 278 2019 mconssituebarl’
296 1968 416 2035 thagorns,
426 1938 557 2022 ficutscrii
568 1966 706 2017 Macrobius
730 1969 758 2020 itt
780 1965 906 2019 somnium
920 1967 1050 2033 Scipionis.

57 1987 391 2088 birruniuslibroiecundo.
410 2042 503 2088 Vinctus.
571 2036 617 2083 Vin·

99 2110 141 2158 64.
163 2104 251 2169 Triplex
260 2104 363 2168 fideribur
379 2104 447 2171 &c.]
475 2106 544 2176 Qtid
600 2111 642 2151 68.
660 2098 860 2168 Vulpaturtheatru'a]
877 2103 1053 2216 Qt¹aperthea

57 2166 128 2219 bona
134 2182 251 2236 pravaque
260 2172 384 2222 distinctio
400 2171 483 2237 poss'rt,
505 2175 543 2223 vel
554 2180 556 2213 ι
567 2171 636 2217 rraiu
644 2169 709 2220 ludis
719 2172 744 2220 &
752 2168 841 2221 fabulis
849 2202 857 2222 ,
865 2184 913 2218 aea
923 2166 967 2222 ibi,
976 2181 1052 2218 utun·

58 2235 150 2287 exboc
163 2235 219 2286 loco
228 2253 258 2287 co
292 2236 370 2289 oscere
378 2241 425 2296 est,
441 2242 486 2308 qui
498 2241 543 2290 do·
553 2221 556 2269 !
566 2250 608 2286 tur
616 2238 718 2288 artifices
730 2254 736 2285 ι
751 2240 777 2287 &
785 2252 860 2304 quam
868 2236 895 2285 in
905 2232 1051 2301 quibusdam

59 2301 173 2355 fliffimis
187 2305 244 2353 viris
277 2307 392 2359 attenua,
410 2323 452 2357 aur
472 2323 542 2364 non,
567 2303 736 2356 instrumentis
749 2303 875 2354 contistere
883 2302 947 2352 dixit
955 2304 1049 2351 Severi-

57 2370 175 2421 curtiule
183 2370 324 2421 intellenus
337 2373 393 2421 fuit.
413 2376 543 2426 siveenim
567 2386 622 2422 nus.
639 2378 754 2439 Qrorum
768 2370 986 2422 instrumentorum
1003 2371 1051 2418 tria

61 2439 143 2505 triplex
167 2453 212 2502 pro
227 2439 319 2496 trinit,
349 2439 451 2493 tribusve
467 2440 545 2492 surna-
567 2437 622 2490 sunt
630 2455 731 2506 quoque
747 2453 834 2505 genera
848 2433 1051 2503 apudcaffiodo-

60 2520 132 2561 mus,
150 2516 178 2552 ut
184 2502 213 2552 fit
220 2500 315 2564 sensus,
330 2512 383 2555 Tria
398 2508 506 2563 accidunt
514 2509 544 2559 ii-
554 2536 557 2550 ·
568 2520 637 2563 rum,
649 2509 768 2567 Pulfiariiia
778 2507 876 2571 Tenfilia,
885 2506 999 2571 Inflarilr'a.
1008 2504 1050 2552 Vi·

59 2569 178 2621 cleribus,
198 2574 291 2637 pafirus,
314 2576 430 2636 distantia,
446 2583 543 2639 fhrma:
568 2572 600 2622 de
607 2567 701 2623 verium
711 2589 749 2628 23.
765 2575 834 2622 taem.

58 2638 109 2691 fiee
124 2637 200 2687 haeoce
215 2640 261 2688 tria
279 2641 383 2705 triplicia
398 2643 541 2697 statuamus,
601 2648 643 2695 69.
661 2647 706 2689 Hac
721 2656 806 2688 numera
820 2633 909 2701 tribur]
927 2641 987 2684 Tres
994 2637 1050 2687 Tri-

58 2721 146 2773 pamm
156 2704 187 2753 ad
195 2704 265 2767 hujus
274 2710 406 2773 aenigmatis
414 2710 544 2761 enodatio·
569 2705 614 2756 bns
623 2740 630 2761 ‚
638 2720 688 2756 tres
696 2707 815 2772 Equitum
822 2717 916 2758 turma,
923 2713 972 2751 tres
982 2708 1052 2751 Cen·

57 2788 121 2825 uem
135 2768 224 2821 referre
237 2770 353 2828 arbitror,
369 2791 424 2825 curn
440 2791 546 2843 utroque
568 2773 645 2829 turia,
654 2771 715 2829 sunt,
728 2773 871 2830 Rinamnrnsas,
881 2772 992 2828 Tutienses,
1002 2774 1051 2816 Lu-

60 2838 142 2891 modo
159 2840 223 2888 reste
236 2837 306 2904 possit
318 2844 437 2908 explicari.
453 2849 543 2892 Verum
556 2876 558 2887 .
570 2858 630 2893 ceres,
641 2838 799 2906 apud'rinrrn
807 2837 906 2886 Livium
914 2836 1001 2898 primo.
1014 2836 1054 2884 ld.

60 2905 125 2984 quid
132 2906 182 2954 hoc
188 2904 236 2954 loci
244 2909 316 2955 modus
326 2918 337 2955 i
348 2925 405 2959 nam
413 2909 481 2977 quod
491 2917 546 2959 Sca-
604 2923 645 2966 70.
662 2907 831 2957 Saaradrmante
838 2900 944 2968 Tribuni]
964 2906 1050 2967 Qum

58 2974 122 3038 liger
129 2970 267 3023 menstuam
277 2975 461 3040 interpretetur,
478 2977 504 3025 in
513 2992 544 3026 eo
571 2971 637 3040 plebs
646 2978 759 3022 Romana
766 2970 780 3020 ai
786 2968 1002 3037 patribussecessiffer‚
1011 2985 1052 3015 an·

58 3037 147 3091 frustra
160 3034 217 3090 fuit.
244 3042 359 3092 Ponenda
373 3043 447 3109 igitur
460 3036 545 3091 arada
571 3042 810 3105 nafereseprimadeaima
821 3039 865 3105 past
878 3053 935 3101 rages
950 3036 1049 3087 enallar,

60 3096 161 3167 cherry
185 3098 346 3171 *postfutura
362 3108 544 3160 Ettenimscn-
571 3106 746 3173 Tribuuarfihiin
755 3108 882 3167 montesacro
895 3106 994 3152 creauit:
1011 3105 1052 3169 qui

58 3170 101 3227 sus
115 3171 147 3224 ab
157 3174 247 3223 olutua.
276 3180 342 3240 Lege
356 3192 428 3242 porro
444 3182 547 3237 conjun-
570 3174 873 3244 nisenrfiebq'iMagifirarus.
884 3170 1050 3223 DiiiiTribuni

60 3243 140 3293 stim:
152 3242 268 3298 Bumodus,
279 3239 405 3307 &genetrix
414 3246 546 3293 modulorum
571 3245 630 3310 quad
642 3245 693 3294 alim
709 3245 731 3290 in
744 3255 786 3290 tres
791 3240 1051 3356 farrerdt'visurpapuiur

60 3310 179 3376 nufiratrr‘
191 3314 236 3359 lea.
252 3308 334 3358 Modus
349 3312 374 3359 &
389 3313 485 3359 modulus
498 3328 548 3361 car·
571 3323 632 3359 erar:
649 3309 675 3359 la·
690 3330 717 3358 ea·
728 3311 815 3372 fingut'u
823 3310 904 3373 finguh'
919 3304 1050 3354 creabantur.

59 3376 164 3428 minisi
196 3391 223 3425 m
238 3374 280 3425 est.
304 3380 411 3444 Ergo&
426 3380 500 3427 modus
515 3342 609 3427 estlvet
623 3380 677 3445 quia
691 3374 788 3424 tribuum
799 3375 900 3437 fiuffiagie
921 3373 1052 3421 creabantur.

58 3444 158 3509 triplex,
172 3440 285 3509 Lydius,
300 3445 548 3509 Dorius‚l’hrygius:
573 3444 728 3508 Pomponius
744 3438 926 3491 Iurisconsultus
940 3438 997 3488 libr
1009 3438 1054 3487 Di-

54 3510 88 3559 &
97 3506 148 3577 'tpsa
154 3509 279 3559 inventrix
287 3512 312 3559 &
321 3526 407 3577 parens
415 3512 549 3562 modorum
561 3518 564 3541 ¹
573 3510 631 3575 gest.
640 3509 782 3560 Iustiniani.
792 3508 867 3555 titulo
875 3506 905 3554 de
914 3508 1009 3571 origine
1018 3507 1054 3564 iu-

56 3578 148 3641 Mufiu
154 3580 233 3645 triplex
240 3574 274 3625 est
283 3611 291 3630 ‚
301 3579 363 3639 masta
370 3577 426 3627 libris
436 3612 443 3630 ,
454 3576 550 3640 Rhyth-
562 3557 615 3653 liis.
633 3583 708 3627 Porro
717 3574 840 3624 monsille
848 3571 917 3622 Festo
925 3572 1053 3644 Pompeio.

58 3644 127 3695 mica
134 3644 446 3705 :sanaasrrnrrarmonica
456 3647 552 3712 :vapa-
563 3662 567 3725 Ι
577 3646 603 3693 &
611 3643 751 3693 TrtoLivio
758 3640 800 3690 lib.
808 3657 831 3698 2,
840 3638 993 3694 auctoribus,
1009 3640 1054 3687 tuit

54 3714 189 3771 rathma,
201 3707 358 3769 crusmatica.
564 3723 644 3799 pruna
651 3708 883 3827 AnienemGfluvium
891 3712 959 3771 ,sacer
966 3718 1056 3777 cogno·

801 3790 818 3843 g
840 3789 853 3828 3
979 3782 1059 3818 utura·
