2318 4312
277 114 896 195 PRAEFATror

102 257 174 310 erut.
199 233 367 332 Quaedam
374 233 479 305 literae
498 238 612 331 agnitu
630 231 800 326 difficdes3
826 242 1083 346 multaesngien.

99 358 161 421 tes,·
180 335 333 432 plerique
352 332 538 404 multorum
562 331 740 407 verborum
759 336 863 412 versus
884 347 920 413 in
939 346 1081 423 modurn

92 439 187 505 unice
196 433 361 504 distionis
371 429 542 529 descripti,
568 438 607 503 dc
626 434 785 506 nonnulla
804 440 1079 519 interdumverbn

87 532 191 603 induo
200 531 345 630 plurave
355 526 466 601 divisa.
492 536 541 602 At
560 530 632 628 plus
651 536 752 604 etiam
770 533 829 605 srbi
837 536 933 609 duxit
949 538 1078 615 facien·

85 631 155 702 dum
164 630 343 728 Scaliger,
363 654 464 726 quam
473 625 675 726 promiserat.
703 631 1077 730 Scripsit,Aubniann-

88 755 147 802 nm
163 728 359 800 teutonum
379 727 508 815 titulo,
533 753 690 828 perquam
708 729 851 806 dodum
870 736 1076 810 emendario-

82 855 152 899 num
161 825 791 926 expofitionumquecommentatitun:
816 830 912 929 quod
921 834 1002 904 mihi
1013 862 1075 932 pro

81 925 167 999 suain
178 953 235 998 me
245 925 487 999 benevolentia
505 921 752 1013 consecratum,
773 929 930 1027 Gryphio
940 932 1073 1005 tradidit

80 1024 352 1124 imprimendum.
379 1023 521 1095 Tardius
540 1045 651 1096 autem
667 1025 748 1098 dum
763 1026 948 1099 editionem
1037 1056 1074 1103 e-

81 1124 160 1195 dimr
169 1119 435 1222 Lugdunensis,
451 1122 704 1221 typographiam
715 1129 848 1195 interim
857 1054 1074 1226 Burdiffidn-

79 1221 118 1295 ses
126 1223 369 1295 instituerunt:
395 1225 542 1319 ameque
552 1226 912 1320 continuoprnierunt,
932 1246 969 1297 ut
982 1226 1072 1299 aliud

82 1323 285 1397 emendarem
294 1319 488 1416 exemplar,
508 1344 579 1417 quo
588 1347 672 1393 mox
682 1327 717 1393 in
731 1317 783 1393 sua
793 1327 925 1397 civitate
935 1322 980 1397 sui
990 1328 1072 1397 civis

84 1419 188 1520 scripta
196 1418 451 1493 excuderentur
460 1418 686 1517 castigatiora,
705 1419 865 1519 simulque
883 1447 955 1495 mea
974 1449 1071 1495 com-

82 1525 241 1592 mentaria.
270 1520 397 1615 Coepit
412 1521 523 1615 itaque
533 1515 696 1591 Ausonius
705 1519 759 1591 edi
770 1519 952 1618 Burdignlae
963 1520 1072 1595 mens:

82 1618 279 1704 Februario,
299 1642 408 1717 quum
425 1637 576 1714 ageretur
584 1622 715 1689 annurd
728 1618 862 1689 Christo
873 1643 952 1690 nato
963 1621 1071 1691 milie-

82 1715 172 1789 fimus
182 1713 470 1815 quingentefimus
489 1720 527 1784 &
546 1711 794 1816 septtmgefimus
810 1720 982 1816 quincius,
1008 1716 1068 1789 nb-

83 1811 613 1913 solneiraturqueineunteaestate,
632 1816 1070 1914 quuderyphioaccepi·

88 1941 154 1985 mus
173 1969 184 2000 ,
216 1912 309 2012 quod
326 1916 469 1983 nimium
487 1911 545 1982 diu
562 1916 854 2008 expedionemmus.
890 1920 1070 2011 Typogra-

95 2013 192 2109 pirum
199 2034 304 2083 autem
311 2016 392 2110 quin
399 2008 524 2082 defecit
534 2009 669 2095 charra,
689 2034 749 2079 nec
759 2011 931 2093 alicunde,
949 2011 997 2079 ob
1007 2016 1071 2081 inr-

89 2116 235 2180 maninm
251 2110 504 2183 latrociniorum
524 2105 744 2206 frequentiam
762 2162 771 2188 ,
803 2104 943 2179 nancisci
961 2106 1069 2181 statim

85 2215 210 2307 potuit,
235 2212 555 2281 commentariorum
573 2206 757 2289 editionem
774 2201 907 2278 differre
916 2204 980 2278 fuit
990 2234 1070 2281 coa-

85 2311 160 2381 dus.
193 2307 308 2404 Qod
316 2304 520 2404 quumvidi,
540 2310 616 2403 quia
634 2303 829 2401 posteriores
848 2311 1069 2404 cogitationes

83 2404 179 2479 solere
188 2405 408 2504 supientioree
416 2400 480 2476 esse
489 2401 611 2500 stmper
628 2402 814 2489 audieram,
833 2405 955 2500 placuit
966 2407 1000 2474 in
1011 2405 1068 2477 ista

86 2503 278 2591 cessitione,
299 2506 329 2576 C
333 2506 478 2601 ujacium
488 2527 545 2600 per
555 2503 664 2574 literus
678 2528 816 2601 rogare,
835 2525 871 2573 ut
882 2507 1001 2575 iterum
1011 2529 1067 2576 te-

86 2628 179 2677 terem
189 2602 318 2674 librum
329 2601 413 2673 mihi
422 2601 661 2672 commodaret.
688 2626 786 2698 quem
805 2601 857 2673 illc
876 2601 984 2673 statim
1004 2606 1069 2671 mi-

90 2701 130 2772 sit.
146 2703 259 2801 sicque
270 2724 388 2772 totum
398 2705 517 2771 iterum
527 2699 666 2772 contuli.
693 2697 807 2771 Rebus
817 2703 939 2771 interea
951 2699 1069 2770 nostris

94 2802 249 2899 diquanto
259 2796 729 2898 quietioribus,acoerfitaque
739 2797 850 2866 charta
861 2851 871 2881 ‚
883 2801 1070 2893 imprimere

92 2902 211 2972 undem
241 2903 351 2996 coepit
380 2901 474 2969 Simo
492 2895 685 2993 Millangius
705 2892 866 2964 nostruin
886 2892 1070 2966 Ausonium

89 3002 323 3071 commentaria
343 2991 451 3069 mense
470 2993 578 3081 Iulio,
597 3015 740 3092 quatuor
759 2997 852 3065 annis
877 2993 951 3090 post
970 3019 1069 3091 quim

86 3096 262 3171 Ausonium
272 3093 436 3168 edidisset.
462 3098 549 3194 Quae
558 3119 662 3191 quum
667 3090 846 3189 jamdiusui
856 3090 1071 3190 exiper‘tatio·

88 3223 154 3267 nem
164 3191 350 3270 concitasse
359 3194 481 3279 audie,
500 3218 540 3262 an
550 3217 622 3263 enm
633 3188 784 3261 sustinere
792 3216 830 3261 uc
840 3195 924 3262 tueri
935 3190 1070 3287 possint,

93 3293 208 3368 nescio:
236 3317 389 3366 ceterum
399 3315 521 3390 magno
531 3290 613 3360 mihi
623 3284 801 3361 constitiffc
810 3288 1071 3363 nemodubitet:

95 3395 167 3466 &de
177 3399 219 3466 iis
230 3394 303 3465 hoc
314 3388 516 3489 cognoscat,
536 3387 643 3485 siquis
653 3387 742 3459 volet
752 3387 858 3485 legere
870 3444 880 3474 ,
891 3395 925 3459 in
936 3392 974 3458 iis
986 3415 1069 3459 con-

86 3490 227 3565 ficiendis
237 3518 297 3564 me
309 3494 438 3574 Servii,
456 3486 602 3573 Placidi,
621 3485 808 3557 &aliorum
817 3509 965 3561 veterum
977 3512 1071 3557 com-

85 3616 308 3666 mentatorum
324 3587 514 3686 exemplum
523 3582 586 3656 effe
594 3582 752 3657 secutum.
779 3587 1072 3754 Qaevulgosnota

591 3736 610 3776 tt
629 3735 647 3776 t
683 3707 709 3780 4
778 3707 781 3711 ⁵
991 3704 1074 3773 unt,
