<?xml version="1.0" encoding="UTF-8"?>
<!DOCTYPE html PUBLIC "-//W3C//DTD XHTML 1.0 Transitional//EN"
    "http://www.w3.org/TR/xhtml1/DTD/xhtml1-transitional.dtd">
<html xmlns="http://www.w3.org/1999/xhtml" xml:lang="en" lang="en">
 <head>
  <title>
</title>
<meta http-equiv="Content-Type" content="text/html;charset=utf-8" />
  <meta name='ocr-system' content='tesseract 3.04.00' />
  <meta name='ocr-capabilities' content='ocr_page ocr_carea ocr_par ocr_line ocrx_word'/>
</head>
<body>
  <div class='ocr_page' id='page_1' title='image "./dmagniavsoniiop01ausogoog_0591.png"; bbox 0 0 2318 4312; ppageno 0'>
   <div class='ocr_carea' id='block_1_1' title="bbox 128 157 875 260">
    <p class='ocr_par' dir='ltr' id='par_1_1' title="bbox 128 157 875 260">
     <span class='ocr_line' id='line_1_1' title="bbox 128 157 875 260; baseline -0.015 -25"><span class='ocrx_word' id='word_1_1' title='bbox 128 184 200 260; x_wconf 79' lang='lat'><strong>552</strong></span> <span class='ocrx_word' id='word_1_2' title='bbox 372 157 875 233; x_wconf 69' lang='lat' dir='ltr'><strong>AvsoNll</strong></span> 
     </span>
    </p>
   </div>
   <div class='ocr_carea' id='block_1_2' title="bbox 90 271 1106 1041">
    <p class='ocr_par' dir='ltr' id='par_1_2' title="bbox 128 271 1106 455">
     <span class='ocr_line' id='line_1_2' title="bbox 128 271 1106 375; baseline -0.013 -20"><span class='ocrx_word' id='word_1_3' title='bbox 128 284 293 365; x_wconf 83' lang='lat' dir='ltr'><strong>Primum,</strong></span> <span class='ocrx_word' id='word_1_4' title='bbox 302 275 554 375; x_wconf 82' lang='lat' dir='ltr'><strong>supremumque</strong></span> <span class='ocrx_word' id='word_1_5' title='bbox 563 273 651 346; x_wconf 90' lang='lat' dir='ltr'><strong>diem</strong></span> <span class='ocrx_word' id='word_1_6' title='bbox 666 272 806 347; x_wconf 83' lang='lat' dir='ltr'><strong>radiatus</strong></span> <span class='ocrx_word' id='word_1_7' title='bbox 815 271 916 346; x_wconf 82' lang='lat' dir='ltr'><strong>habet</strong></span> <span class='ocrx_word' id='word_1_8' title='bbox 927 271 1003 344; x_wconf 89' lang='lat' dir='ltr'><strong>Sol.</strong></span> <span class='ocrx_word' id='word_1_9' title='bbox 1041 296 1044 301; x_wconf 66' lang='grc'>“</span> <span class='ocrx_word' id='word_1_10' title='bbox 1092 290 1106 367; x_wconf 77' lang='lat'><em>5</em></span> 
     </span>
     <span class='ocr_line' id='line_1_3' title="bbox 129 371 864 455; baseline -0.015 -3"><span class='ocrx_word' id='word_1_11' title='bbox 129 382 287 452; x_wconf 81' lang='lat' dir='ltr'><strong>Proxima</strong></span> <span class='ocrx_word' id='word_1_12' title='bbox 296 374 449 455; x_wconf 70' lang='lat' dir='ltr'><strong>fraterne</strong></span> <span class='ocrx_word' id='word_1_13' title='bbox 457 371 601 447; x_wconf 83' lang='lat' dir='ltr'><strong>succedit</strong></span> <span class='ocrx_word' id='word_1_14' title='bbox 613 380 706 447; x_wconf 84' lang='lat' dir='ltr'>Luna</span> <span class='ocrx_word' id='word_1_15' title='bbox 716 396 864 443; x_wconf 83' lang='lat' dir='ltr'><strong>eoronae.</strong></span> 
     </span>
    </p>

    <p class='ocr_par' dir='ltr' id='par_1_3' title="bbox 131 471 886 574">
     <span class='ocr_line' id='line_1_4' title="bbox 131 471 886 574; baseline -0.013 -23"><span class='ocrx_word' id='word_1_16' title='bbox 131 481 267 553; x_wconf 83' lang='lat' dir='ltr'><strong>Tertius</strong></span> <span class='ocrx_word' id='word_1_17' title='bbox 277 473 452 574; x_wconf 83' lang='lat' dir='ltr'><strong>affequitur</strong></span> <span class='ocrx_word' id='word_1_18' title='bbox 460 475 594 544; x_wconf 86' lang='lat' dir='ltr'><strong>Titania</strong></span> <span class='ocrx_word' id='word_1_19' title='bbox 602 471 725 542; x_wconf 84' lang='lat' dir='ltr'><strong>lumina</strong></span> <span class='ocrx_word' id='word_1_20' title='bbox 735 476 886 542; x_wconf 86' lang='lat' dir='ltr'><strong>Mavors.</strong></span> 
     </span>
    </p>

    <p class='ocr_par' dir='ltr' id='par_1_4' title="bbox 90 567 847 671">
     <span class='ocr_line' id='line_1_5' title="bbox 90 567 847 671; baseline -0.012 -24"><span class='ocrx_word' id='word_1_21' title='bbox 90 576 96 593; x_wconf 76' lang='lat'><strong>&#39;&#39;</strong></span> <span class='ocrx_word' id='word_1_22' title='bbox 131 578 320 653; x_wconf 84' lang='lat' dir='ltr'><strong>Mercurius</strong></span> <span class='ocrx_word' id='word_1_23' title='bbox 331 576 441 671; x_wconf 80' lang='lat' dir='ltr'><strong>quarti</strong></span> <span class='ocrx_word' id='word_1_24' title='bbox 450 569 510 642; x_wconf 85' lang='lat' dir='ltr'><strong>fibi</strong></span> <span class='ocrx_word' id='word_1_25' title='bbox 519 569 669 645; x_wconf 83' lang='lat' dir='ltr'><strong>vendicat</strong></span> <span class='ocrx_word' id='word_1_26' title='bbox 679 568 760 647; x_wconf 78' lang='lat' dir='ltr'>astra</span> <span class='ocrx_word' id='word_1_27' title='bbox 768 567 847 639; x_wconf 88' lang='lat' dir='ltr'><strong>diei.</strong></span> 
     </span>
    </p>

    <p class='ocr_par' dir='ltr' id='par_1_5' title="bbox 130 665 927 769">
     <span class='ocr_line' id='line_1_6' title="bbox 130 665 927 769; baseline -0.011 -24"><span class='ocrx_word' id='word_1_28' title='bbox 130 672 307 745; x_wconf 78' lang='lat' dir='ltr'><strong>Inlustrent</strong></span> <span class='ocrx_word' id='word_1_29' title='bbox 316 674 466 769; x_wconf 79' lang='lat' dir='ltr'><strong>quintam</strong></span> <span class='ocrx_word' id='word_1_30' title='bbox 477 673 566 743; x_wconf 86' lang='lat' dir='ltr'><strong>Iovis</strong></span> <span class='ocrx_word' id='word_1_31' title='bbox 575 685 669 740; x_wconf 82' lang='lat' dir='ltr'><strong>autea</strong></span> <span class='ocrx_word' id='word_1_32' title='bbox 679 665 781 738; x_wconf 73' lang='lat' dir='ltr'><strong>fidere</strong></span> <span class='ocrx_word' id='word_1_33' title='bbox 791 691 927 739; x_wconf 84' lang='lat' dir='ltr'><strong>zonam.</strong></span> 
     </span>
    </p>

    <p class='ocr_par' dir='ltr' id='par_1_6' title="bbox 123 764 1104 1041">
     <span class='ocr_line' id='line_1_7' title="bbox 123 764 1104 868; baseline -0.007 -23"><span class='ocrx_word' id='word_1_34' title='bbox 123 774 233 857; x_wconf 75' lang='lat' dir='ltr'><strong>¹Sexto</strong></span> <span class='ocrx_word' id='word_1_35' title='bbox 242 766 450 868; x_wconf 67' lang='lat' dir='ltr'><strong>soutigerum</strong></span> <span class='ocrx_word' id='word_1_36' title='bbox 459 766 602 867; x_wconf 89' lang='lat' dir='ltr'><strong>sequitur</strong></span> <span class='ocrx_word' id='word_1_37' title='bbox 611 770 725 839; x_wconf 87' lang='lat' dir='ltr'><strong>Venus</strong></span> <span class='ocrx_word' id='word_1_38' title='bbox 735 764 818 835; x_wconf 69' lang='lat' dir='ltr'><strong>olma</strong></span> <span class='ocrx_word' id='word_1_39' title='bbox 828 786 1016 861; x_wconf 86' lang='lat' dir='ltr'><strong>parentem.</strong></span> <span class='ocrx_word' id='word_1_40' title='bbox 1071 787 1104 838; x_wconf 82' lang='lat'><strong>10</strong></span> 
     </span>
     <span class='ocr_line' id='line_1_8' title="bbox 132 861 939 965; baseline -0.004 -27"><span class='ocrx_word' id='word_1_41' title='bbox 132 869 265 940; x_wconf 62' lang='lat' dir='ltr'><strong>cuneta</strong></span> <span class='ocrx_word' id='word_1_42' title='bbox 275 865 517 965; x_wconf 60' lang='lat' dir='ltr'><strong>supergrediens</strong></span> <span class='ocrx_word' id='word_1_43' title='bbox 528 869 660 937; x_wconf 84' lang='lat' dir='ltr'><strong>Saturni</strong></span> <span class='ocrx_word' id='word_1_44' title='bbox 670 861 803 962; x_wconf 86' lang='lat' dir='ltr'><strong>septima</strong></span> <span class='ocrx_word' id='word_1_45' title='bbox 811 861 869 932; x_wconf 84' lang='lat' dir='ltr'><strong>lux</strong></span> <span class='ocrx_word' id='word_1_46' title='bbox 878 863 939 937; x_wconf 86' lang='lat' dir='ltr'><strong>est.</strong></span> 
     </span>
     <span class='ocr_line' id='line_1_9' title="bbox 133 960 923 1041; baseline -0.006 -2"><span class='ocrx_word' id='word_1_47' title='bbox 133 970 300 1041; x_wconf 68' lang='lat' dir='ltr'><strong>octavum</strong></span> <span class='ocrx_word' id='word_1_48' title='bbox 311 965 463 1037; x_wconf 78' lang='lat' dir='ltr'><strong>instaurat</strong></span> <span class='ocrx_word' id='word_1_49' title='bbox 474 961 664 1039; x_wconf 81' lang='lat' dir='ltr'><strong>revolubilis</strong></span> <span class='ocrx_word' id='word_1_50' title='bbox 674 961 783 1035; x_wconf 82' lang='lat' dir='ltr'><strong>orbita</strong></span> <span class='ocrx_word' id='word_1_51' title='bbox 794 960 923 1034; x_wconf 86' lang='lat' dir='ltr'><strong>Solem.</strong></span> 
     </span>
    </p>
   </div>
   <div class='ocr_carea' id='block_1_3' title="bbox 196 1143 1051 1371">
    <p class='ocr_par' dir='ltr' id='par_1_7' title="bbox 196 1143 1051 1371">
     <span class='ocr_line' id='line_1_10' title="bbox 196 1143 1051 1256; baseline 0.004 -32"><span class='ocrx_word' id='word_1_52' title='bbox 196 1148 278 1228; x_wconf 86' lang='lat' dir='ltr'><strong>Hic</strong></span> <span class='ocrx_word' id='word_1_53' title='bbox 290 1144 409 1231; x_wconf 87' lang='lat' dir='ltr'><strong>versus</strong></span> <span class='ocrx_word' id='word_1_54' title='bbox 422 1146 499 1230; x_wconf 89' lang='lat' dir='ltr'><strong>fine</strong></span> <span class='ocrx_word' id='word_1_55' title='bbox 511 1150 660 1231; x_wconf 59' lang='lat' dir='ltr'><strong>audente</strong></span> <span class='ocrx_word' id='word_1_56' title='bbox 672 1147 733 1226; x_wconf 87' lang='lat' dir='ltr'><strong>est.</strong></span> <span class='ocrx_word' id='word_1_57' title='bbox 767 1143 885 1251; x_wconf 83' lang='lat' dir='ltr'><strong>Qid</strong></span> <span class='ocrx_word' id='word_1_58' title='bbox 896 1170 1051 1256; x_wconf 83' lang='lat' dir='ltr'><strong>quoque</strong></span> 
     </span>
     <span class='ocr_line' id='line_1_11' title="bbox 325 1259 930 1371; baseline -0.005 -30"><span class='ocrx_word' id='word_1_59' title='bbox 325 1259 729 1371; x_wconf 80' lang='lat' dir='ltr'><strong>diedemidecotpote</strong></span> <span class='ocrx_word' id='word_1_60' title='bbox 742 1283 930 1370; x_wconf 82' lang='lat' dir='ltr'><strong>oporteat.</strong></span> 
     </span>
    </p>
   </div>
   <div class='ocr_carea' id='block_1_4' title="bbox 137 1394 1067 1547">
    <p class='ocr_par' dir='ltr' id='par_1_8' title="bbox 137 1394 1067 1547">
     <span class='ocr_line' id='line_1_12' title="bbox 137 1394 1067 1547; baseline 0.005 -33"><span class='ocrx_word' id='word_1_61' title='bbox 137 1394 331 1539; x_wconf 77' lang='lat' dir='ltr'><strong>UNgues</strong></span> <span class='ocrx_word' id='word_1_62' title='bbox 340 1444 527 1529; x_wconf 78' lang='lat' dir='ltr'><strong>Mercurio,</strong></span> <span class='ocrx_word' id='word_1_63' title='bbox 537 1435 674 1547; x_wconf 66' lang='lat' dir='ltr'><strong>barbam</strong></span> <span class='ocrx_word' id='word_1_64' title='bbox 684 1445 779 1528; x_wconf 82' lang='lat' dir='ltr'><strong>Iove,</strong></span> <span class='ocrx_word' id='word_1_65' title='bbox 790 1439 942 1538; x_wconf 80' lang='lat' dir='ltr'><strong>Cypride</strong></span> <span class='ocrx_word' id='word_1_66' title='bbox 951 1444 1067 1519; x_wconf 62' lang='lat' dir='ltr'><strong>erineo¹</strong></span> 
     </span>
    </p>
   </div>
   <div class='ocr_carea' id='block_1_5' title="bbox 405 1629 831 1717">
    <p class='ocr_par' dir='ltr' id='par_1_9' title="bbox 405 1629 831 1717">
     <span class='ocr_line' id='line_1_13' title="bbox 405 1629 831 1717; baseline -0.007 0"><span class='ocrx_word' id='word_1_67' title='bbox 405 1634 500 1717; x_wconf 93' lang='lat' dir='ltr'><strong>Hoc</strong></span> <span class='ocrx_word' id='word_1_68' title='bbox 512 1634 561 1717; x_wconf 82' lang='lat' dir='ltr'><strong>fic</strong></span> <span class='ocrx_word' id='word_1_69' title='bbox 572 1629 831 1717; x_wconf 84' lang='lat' dir='ltr'><strong>refellendum.</strong></span> 
     </span>
    </p>
   </div>
   <div class='ocr_carea' id='block_1_6' title="bbox 133 1789 1108 2574">
    <p class='ocr_par' dir='ltr' id='par_1_10' title="bbox 133 1789 1108 2574">
     <span class='ocr_line' id='line_1_14' title="bbox 133 1789 1054 1953; baseline 0.013 -94"><span class='ocrx_word' id='word_1_70' title='bbox 133 1792 229 1953; x_wconf 80' lang='lat' dir='ltr'>M</span> <span class='ocrx_word' id='word_1_71' title='bbox 238 1792 414 1864; x_wconf 87' lang='lat' dir='ltr'>Ercurius¹</span> <span class='ocrx_word' id='word_1_72' title='bbox 429 1792 509 1865; x_wconf 78' lang='lat' dir='ltr'><strong>furti</strong></span> <span class='ocrx_word' id='word_1_73' title='bbox 521 1791 641 1893; x_wconf 86' lang='lat' dir='ltr'><strong>probat</strong></span> <span class='ocrx_word' id='word_1_74' title='bbox 651 1817 775 1891; x_wconf 86' lang='lat' dir='ltr'><strong>ungues</strong></span> <span class='ocrx_word' id='word_1_75' title='bbox 785 1789 912 1895; x_wconf 88' lang='lat' dir='ltr'><strong>semper</strong></span> <span class='ocrx_word' id='word_1_76' title='bbox 920 1818 1054 1883; x_wconf 82' lang='lat' dir='ltr'><strong>acutos,</strong></span> 
     </span>
     <span class='ocr_line' id='line_1_15' title="bbox 285 1889 961 1992; baseline 0.006 -30"><span class='ocrx_word' id='word_1_77' title='bbox 285 1889 505 1992; x_wconf 83' lang='lat' dir='ltr'><strong>Articulisque</strong></span> <span class='ocrx_word' id='word_1_78' title='bbox 515 1897 619 1963; x_wconf 79' lang='lat' dir='ltr'><strong>aciem</strong></span> <span class='ocrx_word' id='word_1_79' title='bbox 630 1915 700 1960; x_wconf 87' lang='lat' dir='ltr'><strong>non</strong></span> <span class='ocrx_word' id='word_1_80' title='bbox 711 1889 785 1969; x_wconf 84' lang='lat' dir='ltr'><strong>smit</strong></span> <span class='ocrx_word' id='word_1_81' title='bbox 795 1895 961 1966; x_wconf 84' lang='lat' dir='ltr'><strong>imminui.</strong></span> 
     </span>
     <span class='ocr_line' id='line_1_16' title="bbox 134 1986 1029 2087; baseline 0.004 -24"><span class='ocrx_word' id='word_1_82' title='bbox 134 1986 241 2063; x_wconf 77' lang='lat' dir='ltr'><strong>Barba</strong></span> <span class='ocrx_word' id='word_1_83' title='bbox 251 1994 337 2074; x_wconf 87' lang='lat' dir='ltr'><strong>Iovi,</strong></span> <span class='ocrx_word' id='word_1_84' title='bbox 347 1995 453 2065; x_wconf 86' lang='lat' dir='ltr'><strong>crines</strong></span> <span class='ocrx_word' id='word_1_85' title='bbox 464 1994 586 2063; x_wconf 86' lang='lat' dir='ltr'><strong>Veneti</strong></span> <span class='ocrx_word' id='word_1_86' title='bbox 594 1990 698 2062; x_wconf 86' lang='lat' dir='ltr'><strong>decor</strong></span> <span class='ocrx_word' id='word_1_87' title='bbox 708 2013 716 2060; x_wconf 92' lang='lat'><strong>:</strong></span> <span class='ocrx_word' id='word_1_88' title='bbox 728 2015 808 2087; x_wconf 85' lang='lat' dir='ltr'><strong>ergo</strong></span> <span class='ocrx_word' id='word_1_89' title='bbox 820 1990 950 2064; x_wconf 84' lang='lat' dir='ltr'><strong>neceffe</strong></span> <span class='ocrx_word' id='word_1_90' title='bbox 958 1993 1029 2083; x_wconf 84' lang='lat' dir='ltr'><strong>est,</strong></span> 
     </span>
     <span class='ocr_line' id='line_1_17' title="bbox 185 2086 911 2189; baseline 0 -28"><span class='ocrx_word' id='word_1_91' title='bbox 185 2091 255 2161; x_wconf 79' lang='lat' dir='ltr'><strong>&#39;Vt</strong></span> <span class='ocrx_word' id='word_1_92' title='bbox 265 2087 375 2159; x_wconf 80' lang='lat' dir='ltr'><strong>nolint</strong></span> <span class='ocrx_word' id='word_1_93' title='bbox 385 2088 487 2177; x_wconf 85' lang='lat' dir='ltr'><strong>demi,</strong></span> <span class='ocrx_word' id='word_1_94' title='bbox 497 2115 566 2189; x_wconf 91' lang='lat' dir='ltr'><strong>quo</strong></span> <span class='ocrx_word' id='word_1_95' title='bbox 577 2086 636 2160; x_wconf 83' lang='lat' dir='ltr'><strong>fibi</strong></span> <span class='ocrx_word' id='word_1_96' title='bbox 646 2109 782 2187; x_wconf 85' lang='lat' dir='ltr'><strong>uterque</strong></span> <span class='ocrx_word' id='word_1_97' title='bbox 793 2087 911 2185; x_wconf 86' lang='lat' dir='ltr'><strong>placet.</strong></span> 
     </span>
     <span class='ocr_line' id='line_1_18' title="bbox 136 2185 1108 2286; baseline 0.002 -30"><span class='ocrx_word' id='word_1_98' title='bbox 136 2186 274 2265; x_wconf 81' lang='lat' dir='ltr'><strong>Mavors</strong></span> <span class='ocrx_word' id='word_1_99' title='bbox 284 2185 634 2273; x_wconf 81' lang='lat' dir='ltr'><strong>imberbes,&amp;colvos</strong></span> <span class='ocrx_word' id='word_1_100' title='bbox 644 2193 737 2257; x_wconf 82' lang='lat' dir='ltr'>Luna</span> <span class='ocrx_word' id='word_1_101' title='bbox 748 2186 913 2261; x_wconf 83' lang='lat' dir='ltr'><strong>adamasti.</strong></span> <span class='ocrx_word' id='word_1_102' title='bbox 1094 2210 1108 2286; x_wconf 88' lang='lat'>5</span> 
     </span>
     <span class='ocr_line' id='line_1_19' title="bbox 184 2281 987 2384; baseline 0.01 -33"><span class='ocrx_word' id='word_1_103' title='bbox 184 2285 270 2351; x_wconf 90' lang='lat' dir='ltr'><strong>Non</strong></span> <span class='ocrx_word' id='word_1_104' title='bbox 282 2281 462 2379; x_wconf 87' lang='lat' dir='ltr'>prohibent</span> <span class='ocrx_word' id='word_1_105' title='bbox 474 2290 564 2354; x_wconf 90' lang='lat' dir='ltr'><strong>comi</strong></span> <span class='ocrx_word' id='word_1_106' title='bbox 574 2307 646 2354; x_wconf 89' lang='lat' dir='ltr'><strong>tum</strong></span> <span class='ocrx_word' id='word_1_107' title='bbox 657 2306 754 2381; x_wconf 82' lang='lat' dir='ltr'><strong>eaput</strong></span> <span class='ocrx_word' id='word_1_108' title='bbox 764 2305 863 2383; x_wconf 81' lang='lat' dir='ltr'><strong>atque</strong></span> <span class='ocrx_word' id='word_1_109' title='bbox 872 2311 987 2384; x_wconf 85' lang='lat' dir='ltr'><strong>genas.</strong></span> 
     </span>
     <span class='ocr_line' id='line_1_20' title="bbox 136 2376 960 2483; baseline 0.008 -35"><span class='ocrx_word' id='word_1_110' title='bbox 136 2376 416 2450; x_wconf 86' lang='lat' dir='ltr'><strong>Sol&amp;Saturnus</strong></span> <span class='ocrx_word' id='word_1_111' title='bbox 426 2379 509 2451; x_wconf 87' lang='lat' dir='ltr'><strong>nibil</strong></span> <span class='ocrx_word' id='word_1_112' title='bbox 519 2378 651 2453; x_wconf 85' lang='lat' dir='ltr'><strong>obstant</strong></span> <span class='ocrx_word' id='word_1_113' title='bbox 661 2383 835 2477; x_wconf 83' lang='lat' dir='ltr'><strong>unguibus.</strong></span> <span class='ocrx_word' id='word_1_114' title='bbox 864 2390 960 2483; x_wconf 87' lang='lat' dir='ltr'><strong>Ergo</strong></span> 
     </span>
     <span class='ocr_line' id='line_1_21' title="bbox 186 2476 923 2574; baseline 0.012 -30"><span class='ocrx_word' id='word_1_115' title='bbox 186 2479 273 2545; x_wconf 89' lang='lat' dir='ltr'><strong>Non</strong></span> <span class='ocrx_word' id='word_1_116' title='bbox 283 2476 444 2574; x_wconf 81' lang='lat' dir='ltr'><strong>placitum</strong></span> <span class='ocrx_word' id='word_1_117' title='bbox 454 2479 551 2551; x_wconf 84' lang='lat' dir='ltr'>Divis</span> <span class='ocrx_word' id='word_1_118' title='bbox 561 2477 644 2550; x_wconf 87' lang='lat' dir='ltr'><strong>tolle</strong></span> <span class='ocrx_word' id='word_1_119' title='bbox 653 2481 923 2553; x_wconf 85' lang='lat' dir='ltr'><strong>monostichium.</strong></span> 
     </span>
    </p>
   </div>
   <div class='ocr_carea' id='block_1_7' title="bbox 168 2617 1113 2760">
    <p class='ocr_par' dir='ltr' id='par_1_11' title="bbox 168 2617 1113 2760">
     <span class='ocr_line' id='line_1_22' title="bbox 168 2617 1113 2724; baseline 0.015 -56"><span class='ocrx_word' id='word_1_120' title='bbox 168 2632 189 2668; x_wconf 74' lang='grc' dir='ltr'><strong>τ.</strong></span> <span class='ocrx_word' id='word_1_121' title='bbox 203 2617 276 2686; x_wconf 72' lang='lat' dir='ltr'><strong>fam]</strong></span> <span class='ocrx_word' id='word_1_122' title='bbox 293 2617 366 2674; x_wconf 82' lang='lat' dir='ltr'><strong>forte,</strong></span> <span class='ocrx_word' id='word_1_123' title='bbox 371 2622 449 2701; x_wconf 56' lang='lat' dir='ltr'><strong>fimet.</strong></span> <span class='ocrx_word' id='word_1_124' title='bbox 627 2625 712 2724; x_wconf 63' lang='lat' dir='ltr'><strong>&#39;nolint</strong></span> <span class='ocrx_word' id='word_1_125' title='bbox 719 2624 782 2672; x_wconf 78' lang='lat' dir='ltr'><strong>demi</strong></span> <span class='ocrx_word' id='word_1_126' title='bbox 793 2641 867 2682; x_wconf 81' lang='lat' dir='ltr'><strong>mox,</strong></span> <span class='ocrx_word' id='word_1_127' title='bbox 876 2631 1066 2701; x_wconf 54' lang='lat' dir='ltr'><strong>utaquepbaent,</strong></span> <span class='ocrx_word' id='word_1_128' title='bbox 1079 2639 1113 2696; x_wconf 65' lang='lat' dir='ltr'><strong>pt·</strong></span> 
     </span>
     <span class='ocr_line' id='line_1_23' title="bbox 168 2685 1005 2760; baseline 0.012 -23"><span class='ocrx_word' id='word_1_129' title='bbox 168 2703 192 2737; x_wconf 85' lang='lat'><strong>2.</strong></span> <span class='ocrx_word' id='word_1_130' title='bbox 212 2690 320 2740; x_wconf 61' lang='lat' dir='ltr'><strong>Ventum</strong></span> <span class='ocrx_word' id='word_1_131' title='bbox 333 2687 411 2758; x_wconf 64' lang='lat' dir='ltr'><strong>deme]</strong></span> <span class='ocrx_word' id='word_1_132' title='bbox 437 2685 576 2745; x_wconf 77' lang='lat' dir='ltr'><strong>Ptaeferam,</strong></span> <span class='ocrx_word' id='word_1_133' title='bbox 590 2702 617 2737; x_wconf 80' lang='lat' dir='ltr'><strong>at</strong></span> <span class='ocrx_word' id='word_1_134' title='bbox 643 2692 1005 2760; x_wconf 72' lang='lat' dir='ltr'><strong>placet,1nvetustisfimolibxo.</strong></span> 
     </span>
    </p>
   </div>
   <div class='ocr_carea' id='block_1_8' title="bbox 188 2839 1065 2954">
    <p class='ocr_par' dir='ltr' id='par_1_12' title="bbox 188 2839 1065 2954">
     <span class='ocr_line' id='line_1_24' title="bbox 188 2839 1065 2954; baseline 0.015 -37"><span class='ocrx_word' id='word_1_135' title='bbox 188 2839 254 2919; x_wconf 88' lang='lat' dir='ltr'><strong>De</strong></span> <span class='ocrx_word' id='word_1_136' title='bbox 265 2841 465 2934; x_wconf 83' lang='lat' dir='ltr'><strong>menfibus,</strong></span> <span class='ocrx_word' id='word_1_137' title='bbox 478 2852 515 2919; x_wconf 74' lang='lat' dir='ltr'><strong>bc</strong></span> <span class='ocrx_word' id='word_1_138' title='bbox 530 2866 707 2950; x_wconf 84' lang='lat' dir='ltr'><strong>quattuor</strong></span> <span class='ocrx_word' id='word_1_139' title='bbox 717 2852 807 2923; x_wconf 85' lang='lat' dir='ltr'>anni</span> <span class='ocrx_word' id='word_1_140' title='bbox 819 2847 1065 2954; x_wconf 85' lang='lat' dir='ltr'><strong>temporibus.</strong></span> 
     </span>
    </p>
   </div>
   <div class='ocr_carea' id='block_1_9' title="bbox 136 2997 1120 3589">
    <p class='ocr_par' dir='ltr' id='par_1_13' title="bbox 136 2997 1120 3589">
     <span class='ocr_line' id='line_1_25' title="bbox 223 2997 998 3099; baseline 0.013 -33"><span class='ocrx_word' id='word_1_141' title='bbox 223 3003 355 3070; x_wconf 85' lang='lat' dir='ltr'><strong>Temos</strong></span> <span class='ocrx_word' id='word_1_142' title='bbox 366 2997 502 3084; x_wconf 51' lang='lat' dir='ltr'><strong>mensem</strong></span> <span class='ocrx_word' id='word_1_143' title='bbox 513 3007 552 3070; x_wconf 89' lang='lat'>&amp;</span> <span class='ocrx_word' id='word_1_144' title='bbox 565 3022 716 3098; x_wconf 81' lang='lat' dir='ltr'><strong>tempora</strong></span> <span class='ocrx_word' id='word_1_145' title='bbox 726 3023 884 3099; x_wconf 84' lang='lat' dir='ltr'><strong>quattuor</strong></span> <span class='ocrx_word' id='word_1_146' title='bbox 895 3010 998 3092; x_wconf 87' lang='lat' dir='ltr'>anni,</span> 
     </span>
     <span class='ocr_line' id='line_1_26' title="bbox 226 3095 1048 3195; baseline 0.019 -32"><span class='ocrx_word' id='word_1_147' title='bbox 226 3102 401 3190; x_wconf 75' lang='lat' dir='ltr'><strong>Quattuor</strong></span> <span class='ocrx_word' id='word_1_148' title='bbox 410 3097 466 3168; x_wconf 82' lang='lat' dir='ltr'><strong>ista</strong></span> <span class='ocrx_word' id='word_1_149' title='bbox 477 3097 538 3165; x_wconf 87' lang='lat' dir='ltr'><strong>tibi</strong></span> <span class='ocrx_word' id='word_1_150' title='bbox 548 3095 690 3195; x_wconf 66' lang='lat' dir='ltr'><strong>subjeeba</strong></span> <span class='ocrx_word' id='word_1_151' title='bbox 700 3099 909 3173; x_wconf 80' lang='lat' dir='ltr'><strong>monosticha</strong></span> <span class='ocrx_word' id='word_1_152' title='bbox 919 3103 1048 3181; x_wconf 83' lang='lat' dir='ltr'><strong>dicent.</strong></span> 
     </span>
     <span class='ocr_line' id='line_1_27' title="bbox 136 3193 905 3293; baseline 0.01 -30"><span class='ocrx_word' id='word_1_153' title='bbox 136 3195 293 3277; x_wconf 83' lang='lat' dir='ltr'><strong>Martius,</strong></span> <span class='ocrx_word' id='word_1_154' title='bbox 302 3195 558 3290; x_wconf 81' lang='lat' dir='ltr'>Aprilis,Majus</span> <span class='ocrx_word' id='word_1_155' title='bbox 568 3193 641 3266; x_wconf 88' lang='lat' dir='ltr'><strong>sunt</strong></span> <span class='ocrx_word' id='word_1_156' title='bbox 651 3217 800 3293; x_wconf 84' lang='lat' dir='ltr'><strong>tempora</strong></span> <span class='ocrx_word' id='word_1_157' title='bbox 809 3203 905 3271; x_wconf 84' lang='lat' dir='ltr'><strong>veris.</strong></span> 
     </span>
     <span class='ocr_line' id='line_1_28' title="bbox 138 3288 891 3388; baseline 0.008 -26"><span class='ocrx_word' id='word_1_158' title='bbox 138 3288 252 3375; x_wconf 84' lang='lat' dir='ltr'><strong>Iulius,</strong></span> <span class='ocrx_word' id='word_1_159' title='bbox 264 3289 443 3388; x_wconf 83' lang='lat' dir='ltr'>Augustus,</span> <span class='ocrx_word' id='word_1_160' title='bbox 453 3317 516 3364; x_wconf 88' lang='lat' dir='ltr'><strong>nee</strong></span> <span class='ocrx_word' id='word_1_161' title='bbox 526 3319 595 3363; x_wconf 85' lang='lat' dir='ltr'><strong>non</strong></span> <span class='ocrx_word' id='word_1_162' title='bbox 607 3302 644 3366; x_wconf 89' lang='lat'>&amp;</span> <span class='ocrx_word' id='word_1_163' title='bbox 656 3300 780 3382; x_wconf 84' lang='lat' dir='ltr'><strong>Iunius,</strong></span> <span class='ocrx_word' id='word_1_164' title='bbox 791 3296 891 3369; x_wconf 85' lang='lat' dir='ltr'><strong>aestas.</strong></span> 
     </span>
     <span class='ocr_line' id='line_1_29' title="bbox 138 3384 1120 3495; baseline 0.019 -36"><span class='ocrx_word' id='word_1_165' title='bbox 138 3384 337 3483; x_wconf 84' lang='lat' dir='ltr'><strong>Septembri,</strong></span> <span class='ocrx_word' id='word_1_166' title='bbox 348 3390 512 3461; x_wconf 65' lang='lat' dir='ltr'><strong>octobri*</strong></span> <span class='ocrx_word' id='word_1_167' title='bbox 526 3399 1082 3492; x_wconf 78' lang='lat' dir='ltr'><strong>autumnus,totoqueNovembri.</strong></span> <span class='ocrx_word' id='word_1_168' title='bbox 1104 3420 1120 3495; x_wconf 89' lang='lat'><em>5</em></span> 
     </span>
     <span class='ocr_line' id='line_1_30' title="bbox 137 3486 980 3589; baseline 0.015 -30"><span class='ocrx_word' id='word_1_169' title='bbox 137 3486 318 3574; x_wconf 66' lang='lat' dir='ltr'><strong>brumales,</strong></span> <span class='ocrx_word' id='word_1_170' title='bbox 328 3494 438 3577; x_wconf 87' lang='lat' dir='ltr'>Ianus,</span> <span class='ocrx_word' id='word_1_171' title='bbox 450 3488 656 3581; x_wconf 87' lang='lat' dir='ltr'><strong>Februarius,</strong></span> <span class='ocrx_word' id='word_1_172' title='bbox 667 3512 765 3589; x_wconf 89' lang='lat' dir='ltr'><strong>atque</strong></span> <span class='ocrx_word' id='word_1_173' title='bbox 775 3495 980 3572; x_wconf 85' lang='lat' dir='ltr'><strong>December.</strong></span> 
     </span>
    </p>
   </div>
   <div class='ocr_carea' id='block_1_10' title="bbox 1078 3603 1122 3671">
    <p class='ocr_par' dir='ltr' id='par_1_14' title="bbox 1078 3603 1122 3671">
     <span class='ocr_line' id='line_1_31' title="bbox 1078 3603 1122 3671; baseline 0 0"><span class='ocrx_word' id='word_1_174' title='bbox 1078 3603 1122 3671; x_wconf 82' lang='lat' dir='ltr'><strong>Dc</strong></span> 
     </span>
    </p>
   </div>
   <div class='ocr_carea' id='block_1_11' title="bbox 171 3681 1116 3818">
    <p class='ocr_par' dir='ltr' id='par_1_15' title="bbox 171 3681 1116 3818">
     <span class='ocr_line' id='line_1_32' title="bbox 171 3681 801 3756; baseline 0.01 -23"><span class='ocrx_word' id='word_1_175' title='bbox 171 3697 193 3733; x_wconf 84' lang='lat'><strong>1.</strong></span> <span class='ocrx_word' id='word_1_176' title='bbox 208 3681 355 3750; x_wconf 62' lang='lat' dir='ltr'><strong>Autumnus]</strong></span> <span class='ocrx_word' id='word_1_177' title='bbox 366 3687 391 3735; x_wconf 81' lang='lat' dir='ltr'><strong>in</strong></span> <span class='ocrx_word' id='word_1_178' title='bbox 398 3700 528 3755; x_wconf 77' lang='lat' dir='ltr'><strong>papyraceo</strong></span> <span class='ocrx_word' id='word_1_179' title='bbox 535 3687 668 3756; x_wconf 78' lang='lat' dir='ltr'><strong>legebatur,</strong></span> <span class='ocrx_word' id='word_1_180' title='bbox 677 3699 801 3739; x_wconf 72' lang='lat' dir='ltr'><strong>autumnae.</strong></span> 
     </span>
     <span class='ocr_line' id='line_1_33' title="bbox 183 3766 1116 3818; baseline 0.016 -29"><span class='ocrx_word' id='word_1_181' title='bbox 183 3776 191 3789; x_wconf 96' lang='lat'><strong>.</strong></span> <span class='ocrx_word' id='word_1_182' title='bbox 1022 3782 1046 3818; x_wconf 53' lang='grc' dir='ltr'><strong>χ,</strong></span> <span class='ocrx_word' id='word_1_183' title='bbox 1062 3766 1116 3818; x_wconf 64' lang='lat' dir='ltr'><strong>m.</strong></span> 
     </span>
    </p>
   </div>
   <div class='ocr_carea' id='block_1_12' title="bbox 67 3962 141 4048">
    <p class='ocr_par' dir='ltr' id='par_1_16' title="bbox 67 3962 141 4048">
     <span class='ocr_line' id='line_1_34' title="bbox 67 3962 141 4048; baseline 0 0"><span class='ocrx_word' id='word_1_184' title='bbox 67 3962 141 4048; x_wconf 53' lang='grc' dir='ltr'><strong><em>Κ</em></strong></span> 
     </span>
    </p>
   </div>
   <div class='ocr_carea' id='block_1_13' title="bbox 0 0 1191 4312">
    <p class='ocr_par' dir='ltr' id='par_1_17' title="bbox 0 0 1191 4312">
     <span class='ocr_line' id='line_1_35' title="bbox 0 0 1191 4312; baseline 0 0"><span class='ocrx_word' id='word_1_185' title='bbox 0 0 1191 4312; x_wconf 95' lang='lat' dir='ltr'><strong> </strong></span> 
     </span>
    </p>
   </div>
  </div>
 </body>
</html>
